%% This BibTeX bibliography file was created using BibDesk.
%% https://bibdesk.sourceforge.io/

%% Created for tommy at 2021-12-10 12:29:56 -0800 


%% Saved with string encoding Unicode (UTF-8) 



@article{le2017stacking,
	author = {Le, Tri and Clarke, Bertrand},
	date-added = {2021-12-10 12:29:44 -0800},
	date-modified = {2021-12-10 12:29:54 -0800},
	journal = {Bayesian Analysis},
	number = {3},
	pages = {807--829},
	publisher = {International Society for Bayesian Analysis},
	title = {A Bayes interpretation of stacking for M-complete and M-open settings},
	volume = {12},
	year = {2017}}

@article{iyengar1988selection,
	author = {Iyengar, Satish and Greenhouse, Joel B},
	date-added = {2021-12-09 15:49:12 -0800},
	date-modified = {2021-12-09 15:49:12 -0800},
	journal = {Statistical Science},
	pages = {109--117},
	publisher = {JSTOR},
	title = {Selection models and the file drawer problem},
	year = {1988}}

@article{gelman2006prior,
	author = {Gelman, Andrew and others},
	date-added = {2021-11-29 15:03:50 -0800},
	date-modified = {2021-11-29 15:03:50 -0800},
	journal = {Bayesian Analysis},
	number = {3},
	pages = {515--534},
	publisher = {International Society for Bayesian Analysis},
	title = {{Prior distributions for variance parameters in hierarchical models (comment on article by Browne and Draper)}},
	volume = {1},
	year = {2006}}

@book{gelman1995bda,
	author = {Gelman, Andrew and Carlin, John B and Stern, Hal S and Rubin, Donald B},
	date-added = {2021-10-05 08:57:40 -0700},
	date-modified = {2021-10-05 08:58:16 -0700},
	publisher = {Chapman and Hall/CRC},
	title = {Bayesian Data Analysis},
	year = {1995}}

@article{gelman2015stan,
	author = {Gelman, Andrew and Lee, Daniel and Guo, Jiqiang},
	date-added = {2021-10-05 08:23:15 -0700},
	date-modified = {2021-10-05 08:23:15 -0700},
	journal = {Journal of Educational and Behavioral Statistics},
	number = {5},
	pages = {530--543},
	publisher = {Sage Publications Sage CA: Los Angeles, CA},
	title = {Stan: A probabilistic programming language for Bayesian inference and optimization},
	volume = {40},
	year = {2015}}

@inproceedings{plummer2003jags,
	author = {Plummer, Martyn and others},
	booktitle = {Proceedings of the 3rd international workshop on distributed statistical computing},
	date-added = {2021-10-05 08:21:36 -0700},
	date-modified = {2021-10-05 08:21:36 -0700},
	number = {125.10},
	organization = {Vienna, Austria.},
	pages = {1--10},
	title = {JAGS: A program for analysis of Bayesian graphical models using Gibbs sampling},
	volume = {124},
	year = {2003}}

@article{vehtari2017psis,
	author = {Vehtari, Aki and Gelman, Andrew and Gabry, Jonah},
	date-added = {2021-10-04 21:09:57 -0700},
	date-modified = {2021-10-04 21:10:11 -0700},
	journal = {Statistics and computing},
	number = {5},
	pages = {1413--1432},
	publisher = {Springer},
	title = {Practical Bayesian model evaluation using leave-one-out cross-validation and WAIC},
	volume = {27},
	year = {2017}}

@book{bernardo2009,
	author = {Bernardo, Jos{\'e} M and Smith, Adrian FM},
	date-added = {2021-10-04 19:33:48 -0700},
	date-modified = {2021-10-04 19:34:03 -0700},
	publisher = {John Wiley \& Sons},
	title = {Bayesian theory},
	volume = {405},
	year = {2009}}

@article{breiman1996stacking,
	author = {Breiman, Leo},
	date-added = {2021-10-04 19:23:55 -0700},
	date-modified = {2021-10-04 19:24:02 -0700},
	journal = {Machine learning},
	number = {1},
	pages = {49--64},
	publisher = {Springer},
	title = {Stacked regressions},
	volume = {24},
	year = {1996}}

@article{wolpert1992stacking,
	author = {Wolpert, David H},
	date-added = {2021-10-04 19:22:49 -0700},
	date-modified = {2021-10-04 19:22:56 -0700},
	journal = {Neural networks},
	number = {2},
	pages = {241--259},
	publisher = {Elsevier},
	title = {Stacked generalization},
	volume = {5},
	year = {1992}}

@incollection{heckman1976,
	author = {Heckman, James J},
	booktitle = {Annals of economic and social measurement, volume 5, number 4},
	date-added = {2021-10-04 16:12:25 -0700},
	date-modified = {2021-10-04 16:12:33 -0700},
	pages = {475--492},
	publisher = {NBER},
	title = {The common structure of statistical models of truncation, sample selection and limited dependent variables and a simple estimator for such models},
	year = {1976}}

@article{vevea2005sensitivity,
	author = {Vevea, Jack L and Woods, Carol M},
	date-added = {2021-08-02 17:29:27 -0700},
	date-modified = {2021-08-02 17:29:36 -0700},
	journal = {Psychological methods},
	number = {4},
	pages = {428},
	publisher = {American Psychological Association},
	title = {Publication bias in research synthesis: sensitivity analysis using a priori weight functions.},
	volume = {10},
	year = {2005}}

@article{hedges1992selection,
	author = {Hedges, Larry V},
	date-added = {2021-08-02 17:14:10 -0700},
	date-modified = {2021-08-02 17:14:19 -0700},
	journal = {Statistical Science},
	number = {2},
	pages = {246--255},
	publisher = {Institute of Mathematical Statistics},
	title = {Modeling publication selection effects in meta-analysis},
	volume = {7},
	year = {1992}}

@article{hedges1984selection,
	author = {Hedges, Larry V},
	date-added = {2021-08-02 16:38:32 -0700},
	date-modified = {2021-08-02 16:38:44 -0700},
	journal = {Journal of Educational Statistics},
	number = {1},
	pages = {61--85},
	publisher = {Sage Publications Sage CA: Thousand Oaks, CA},
	title = {Estimation of effect size under nonrandom sampling: The effects of censoring studies yielding statistically insignificant mean differences},
	volume = {9},
	year = {1984}}

@article{light1984funnel,
	author = {Light, Richard J and Pillemer, David B},
	date-added = {2021-08-02 16:21:12 -0700},
	date-modified = {2021-08-02 16:21:22 -0700},
	publisher = {Harvard University Press},
	title = {Summing up: the science of reviewing research.},
	year = {1984}}

@article{jin2015methods,
	author = {Jin, Zhi-Chao and Zhou, Xiao-Hua and He, Jia},
	date-added = {2021-08-02 15:58:19 -0700},
	date-modified = {2021-08-02 15:58:29 -0700},
	journal = {Statistics in medicine},
	number = {2},
	pages = {343--360},
	publisher = {Wiley Online Library},
	title = {Statistical methods for dealing with publication bias in meta-analysis},
	volume = {34},
	year = {2015}}

@article{peters2006test,
	author = {Peters, Jaime L and Sutton, Alex J and Jones, David R and Abrams, Keith R and Rushton, Lesley},
	date-added = {2021-08-02 15:55:52 -0700},
	date-modified = {2021-08-02 15:55:59 -0700},
	journal = {Jama},
	number = {6},
	pages = {676--680},
	publisher = {American Medical Association},
	title = {Comparison of two methods to detect publication bias in meta-analysis},
	volume = {295},
	year = {2006}}

@book{rothstein2006,
	author = {Rothstein, Hannah R and Sutton, Alexander J and Borenstein, Michael},
	date-added = {2021-08-02 15:50:23 -0700},
	date-modified = {2021-08-02 15:51:00 -0700},
	publisher = {John Wiley \& Sons},
	title = {Publication bias in meta-analysis: Prevention, assessment and adjustments},
	year = {2006}}

@article{thompson1999test,
	author = {Thompson, Simon G and Sharp, Stephen J},
	date-added = {2021-08-02 15:45:30 -0700},
	date-modified = {2021-08-02 15:45:44 -0700},
	journal = {Statistics in medicine},
	number = {20},
	pages = {2693--2708},
	publisher = {Wiley Online Library},
	title = {Explaining heterogeneity in meta-analysis: a comparison of methods},
	volume = {18},
	year = {1999}}

@article{rucker2008arcsine,
	author = {R{\"u}cker, Gerta and Schwarzer, Guido and Carpenter, James},
	date-added = {2021-08-02 14:59:27 -0700},
	date-modified = {2021-08-02 14:59:45 -0700},
	journal = {Statistics in Medicine},
	number = {5},
	pages = {746--763},
	publisher = {Wiley Online Library},
	title = {Arcsine test for publication bias in meta-analyses with binary outcomes},
	volume = {27},
	year = {2008}}

@article{begg1994test,
	author = {Begg, Colin B and Mazumdar, Madhuchhanda},
	date-added = {2021-08-02 14:19:48 -0700},
	date-modified = {2021-08-02 14:19:57 -0700},
	journal = {Biometrics},
	pages = {1088--1101},
	publisher = {JSTOR},
	title = {Operating characteristics of a rank correlation test for publication bias},
	year = {1994}}

@article{egger1997test,
	author = {Egger, Matthias and Smith, George Davey and Schneider, Martin and Minder, Christoph},
	date-added = {2021-08-02 14:15:46 -0700},
	date-modified = {2021-08-02 14:15:53 -0700},
	journal = {Bmj},
	number = {7109},
	pages = {629--634},
	publisher = {British Medical Journal Publishing Group},
	title = {Bias in meta-analysis detected by a simple, graphical test},
	volume = {315},
	year = {1997}}

@article{macaskill2001test,
	author = {Macaskill, Petra and Walter, Stephen D and Irwig, Les},
	date-added = {2021-08-02 14:15:12 -0700},
	date-modified = {2021-08-02 14:15:21 -0700},
	journal = {Statistics in medicine},
	number = {4},
	pages = {641--654},
	publisher = {Wiley Online Library},
	title = {A comparison of methods to detect publication bias in meta-analysis},
	volume = {20},
	year = {2001}}

@article{yao2021hierarchical,
	author = {Yao, Yuling and Pir{\v{s}}, Gregor and Vehtari, Aki and Gelman, Andrew},
	date-added = {2021-07-26 17:54:22 -0700},
	date-modified = {2021-07-26 17:54:34 -0700},
	journal = {arXiv preprint arXiv:2101.08954},
	title = {Bayesian hierarchical stacking},
	year = {2021}}

@article{yao2018stacking,
	author = {Yao, Yuling and Vehtari, Aki and Simpson, Daniel and Gelman, Andrew},
	date-added = {2021-07-26 17:53:26 -0700},
	date-modified = {2021-07-26 17:53:36 -0700},
	journal = {Bayesian Analysis},
	number = {3},
	pages = {917--1007},
	publisher = {International Society for Bayesian Analysis},
	title = {Using stacking to average Bayesian predictive distributions (with discussion)},
	volume = {13},
	year = {2018}}

@article{vevea1995pubbias,
	author = {Vevea, Jack L and Hedges, Larry V},
	date-added = {2021-07-26 17:52:46 -0700},
	date-modified = {2021-07-26 17:52:57 -0700},
	journal = {Psychometrika},
	number = {3},
	pages = {419--435},
	publisher = {Springer},
	title = {A general linear model for estimating effect size in the presence of publication bias},
	volume = {60},
	year = {1995}}

@article{shi2019trim,
	author = {Shi, Linyu and Lin, Lifeng},
	date-added = {2021-07-26 17:52:07 -0700},
	date-modified = {2021-07-26 17:52:07 -0700},
	journal = {Medicine},
	number = {23},
	publisher = {Wolters Kluwer Health},
	title = {The trim-and-fill method for publication bias: practical guidelines and recommendations based on a large database of meta-analyses},
	volume = {98},
	year = {2019}}

@article{mavridis2013copas,
	author = {Mavridis, Dimitris and Sutton, Alex and Cipriani, Andrea and Salanti, Georgia},
	date-added = {2021-07-26 17:50:47 -0700},
	date-modified = {2021-07-26 17:50:57 -0700},
	journal = {Statistics in medicine},
	number = {1},
	pages = {51--66},
	publisher = {Wiley Online Library},
	title = {A fully Bayesian application of the Copas selection model for publication bias extended to network meta-analysis},
	volume = {32},
	year = {2013}}

@article{mathur2020sensitivity,
	author = {Mathur, Maya B and VanderWeele, Tyler J},
	date-added = {2021-07-26 17:49:41 -0700},
	date-modified = {2021-07-26 17:49:41 -0700},
	journal = {Journal of the Royal Statistical Society: Series C (Applied Statistics)},
	number = {5},
	pages = {1091--1119},
	publisher = {Wiley Online Library},
	title = {Sensitivity analysis for publication bias in meta-analyses},
	volume = {69},
	year = {2020}}

@article{maier2020robma,
	author = {Maier, Maximilian and Barto{\v{s}}, Franti{\v{s}}ek and Wagenmakers, Eric-Jan},
	date-added = {2021-07-26 17:48:53 -0700},
	date-modified = {2021-08-02 20:05:40 -0700},
	publisher = {PsyArXiv},
	title = {Robust {Bayesian} meta-analysis: Addressing publication bias with model-averaging},
	year = {2020}}

@article{lin2018test,
	author = {Lin, Lifeng and Chu, Haitao},
	date-added = {2021-07-26 17:47:56 -0700},
	date-modified = {2021-08-02 15:58:54 -0700},
	journal = {Biometrics},
	number = {3},
	pages = {785--794},
	publisher = {Wiley Online Library},
	title = {Quantifying publication bias in meta-analysis},
	volume = {74},
	year = {2018}}

@article{rosenthal1979file,
	author = {Rosenthal, Robert},
	date-added = {2021-07-26 17:30:23 -0700},
	date-modified = {2021-07-26 17:30:23 -0700},
	journal = {Psychological bulletin},
	number = {3},
	pages = {638},
	publisher = {American Psychological Association},
	title = {The file drawer problem and tolerance for null results.},
	volume = {86},
	year = {1979}}

@article{guan2016,
	author = {Guan, Maime and Vandekerckhove, Joachim},
	date-added = {2021-07-26 17:26:58 -0700},
	date-modified = {2021-07-26 17:27:06 -0700},
	journal = {Psychonomic bulletin \& review},
	number = {1},
	pages = {74--86},
	publisher = {Springer},
	title = {A Bayesian approach to mitigation of publication bias},
	volume = {23},
	year = {2016}}

@article{givens1997,
	author = {Givens, Geof H and Smith, DD and Tweedie, RL},
	date-added = {2021-07-26 17:26:15 -0700},
	date-modified = {2021-07-26 17:26:25 -0700},
	journal = {Statistical Science},
	number = {4},
	pages = {221--250},
	publisher = {Institute of Mathematical Statistics},
	title = {Publication bias in meta-analysis: a Bayesian data-augmentation approach to account for issues exemplified in the passive smoking debate},
	volume = {12},
	year = {1997}}

@article{bai2020,
	author = {Bai, Ray and Lin, Lifeng and Boland, Mary R and Chen, Yong},
	date-added = {2021-07-26 17:25:07 -0700},
	date-modified = {2021-07-26 17:25:20 -0700},
	journal = {arXiv preprint arXiv:2005.02930},
	title = {A robust Bayesian Copas selection model for quantifying and correcting publication bias},
	year = {2020}}

@article{clyde2013bma,
	author = {Clyde, Merlise and Iversen, Edwin S},
	date-added = {2021-07-26 17:24:16 -0700},
	date-modified = {2021-07-26 17:24:25 -0700},
	journal = {Bayesian theory and applications},
	number = {4},
	pages = {483--498},
	publisher = {Oxford Scholarship online.[332]},
	title = {Bayesian model averaging in the M-open framework},
	volume = {14},
	year = {2013}}

@article{duval2000jasa,
	author = {Duval, Sue and Tweedie, Richard},
	date-added = {2021-07-26 17:20:27 -0700},
	date-modified = {2021-07-26 17:20:44 -0700},
	journal = {Journal of the american statistical association},
	number = {449},
	pages = {89--98},
	publisher = {Taylor \& Francis},
	title = {A nonparametric ``trim and fill'' method of accounting for publication bias in meta-analysis},
	volume = {95},
	year = {2000}}

@article{duval2000biom,
	author = {Duval, Sue and Tweedie, Richard},
	date-added = {2021-07-26 17:19:59 -0700},
	date-modified = {2021-07-26 17:20:52 -0700},
	journal = {Biometrics},
	number = {2},
	pages = {455--463},
	publisher = {Wiley Online Library},
	title = {Trim and fill: a simple funnel-plot--based method of testing and adjusting for publication bias in meta-analysis},
	volume = {56},
	year = {2000}}

@article{copas2001sensitivity,
	author = {Copas, JB and Shi, Jian Qing},
	date-added = {2021-07-26 17:07:17 -0700},
	date-modified = {2021-07-26 17:07:17 -0700},
	journal = {Statistical methods in medical research},
	number = {4},
	pages = {251--265},
	publisher = {Sage Publications Sage CA: Thousand Oaks, CA},
	title = {A sensitivity analysis for publication bias in systematic reviews},
	volume = {10},
	year = {2001}}

@article{copas2000funnel,
	author = {Copas, John and Shi, Jian Qing},
	date-added = {2021-07-26 17:06:29 -0700},
	date-modified = {2021-07-26 17:06:51 -0700},
	journal = {Biostatistics},
	number = {3},
	pages = {247--262},
	publisher = {Oxford University Press},
	title = {Meta-analysis, funnel plots and sensitivity analysis},
	volume = {1},
	year = {2000}}

@article{copas1999what,
	author = {Copas, John},
	date-added = {2021-07-26 17:05:41 -0700},
	date-modified = {2021-07-26 17:05:58 -0700},
	journal = {Journal of the Royal Statistical Society: Series A (Statistics in Society)},
	number = {1},
	pages = {95--109},
	publisher = {Wiley Online Library},
	title = {What works?: selectivity models and meta-analysis},
	volume = {162},
	year = {1999}}
